@misc{b,
title				= {{Van der Waals constants}},
note				= {(Accessed 21.04.2023)},
url					= { https://en.wikipedia.org/wiki/Van_der_Waals_constants_(data_page)},
language    = {English},
}

